@book{saljo2001laering,
  title={L{\ae}ring i praksis: et sosiokulturelt perspektiv},
  author={S{\"a}lj{\"o}, Roger},
  year={2001},
  publisher={JW Cappelens forlag}
}

@book{pilgrim2010html5,
  title={HTML5: Up and running},
  author={Pilgrim, Mark},
  year={2010},
  publisher={O'Reilly}
}

@book{bios,
  title={BIOS Biologi 2},
  author="Sletbakk, Marianne and Gj{\ae}revoll, Inger and H{\aa}pnes, Arnodd and Hessen, Dag and R{\o}sok, {\O}ystein and Borge, Ole and Heskestad, Per",
  year={2008},
  publisher={Cappelen Damm}
}

@article{hollinger1995external,
  title={External and internal factors regulating photosynthesis},
  author={Hollinger, David Y and Thomas, Richard B},
  journal={Resource physiology of conifers: acquisition, allocation, and utilization},
  pages={105},
  year={1995},
  publisher={Access Online via Elsevier}
}

@book{bi2,
  title={Bi 2},
  author="Gr{\o}nlien, Heidi and Ryvarden, Leif and Tandberg, Cato",
  year={2008},
  publisher={Gyldendal Norsk Forlag}
}

@misc{arduino,
  title = "What is Arduino",
  author = "arduino.cc",
  year={2013},
  howpublished = "\url{http://arduino.cc/en/Guide/Introduction}",
  note = "[Online; accessed 15-October-2013]"}

@misc{raspberrypi,
  title="About us",
  author="raspberrypi.org",
  year={2013},
  howpublished="\url{http://www.raspberrypi.org/about}",
  note = "[Online; accessed 15-October-2013]"}

@misc{uicbiology,
  title = "Photosynthesis",
  author = "{University of Illinois}",
  year = "2004"
  howpublished = "\url{http://www.uic.edu/classes/bios/bios100/lecturesf04am/lect10.htm}",
  note = "[Online; accessed 14-October-2013]"}

 @misc{wiki:chloroplast,
   author = "Wikimedia",
   title = "A diagram showing the simple structure of a chloroplast molecule --- {W}ikimedia Commons{,} the free media repository",
   year = "2009",
   howpublished = "\url{http://commons.wikimedia.org/wiki/File:Chloroplast_diagram.svg}",
   note = "[Online; accessed 11-October-2013]"
 }

  @misc{wiki:photosystem,
   author = "Wikipedia",
   title = "Light-dependent reactions of photosynthesis at the thylakoid membrane --- {W}ikipedia{,} The Free Encyclopedia",
   year = "2012",
   howpublished = "\url{http://en.wikipedia.org/wiki/File:Thylakoid_membrane_2.svg}",
   note = "[Online; accessed 11-October-2013]"
 }

@article{kirschbaum2011does,
  title={Does enhanced photosynthesis enhance growth? Lessons learned from CO2 enrichment studies},
  author={Kirschbaum, Miko UF},
  journal={Plant Physiology},
  volume={155},
  number={1},
  pages={117--124},
  year={2011},
  publisher={American Society of Plant Biologists}
}

@article{ainsworth1999functions,
  title={The functions of multiple representations},
  author={Ainsworth, Shaaron},
  journal={Computers \& Education},
  volume={33},
  number={2},
  pages={131--152},
  year={1999},
  publisher={Elsevier}
}

@article{wertsch1998mind,
  title={Mind as action},
  author={Wertsch, James V},
  year={1998},
  publisher={$\{$Oxford University Press$\}$}
}
@article{wertsch1993sociocultural,
  title={A sociocultural approach to agency},
  author={Wertsch, James V and Tulviste, Peter and Hagstrom, Fran},
  journal={Contexts for learning: Sociocultural dynamics in children's development},
  volume={23},
  pages={326--356},
  year={1993},
  publisher={Oxford University Press New York}
}

@book{vygotskiui1978mind,
  title={Mind in society: The development of higher psychological processes},
  author={Vygotski{\u\i}, L Lev Semenovich and others},
  year={1978},
  publisher={Harvard university press}
}

@article{mifsud2010reconsidering,
  title={Reconsidering off-task: a comparative study of PDA-mediated activities in four classrooms},
  author={Mifsud, L and M{\o}rch, AI},
  journal={Journal of computer assisted learning},
  volume={26},
  number={3},
  pages={190--201},
  year={2010},
  publisher={Wiley Online Library}
}

@article{wood1976role,
  title={The role of tutoring in problem solving*},
  author={Wood, David and Bruner, Jerome S and Ross, Gail},
  journal={Journal of child psychology and psychiatry},
  volume={17},
  number={2},
  pages={89--100},
  year={1976},
  publisher={Wiley Online Library}
}

@article{van2006supporting,
  title={Supporting students' learning with multiple representations in a dynamic simulation-based learning environment},
  author={van der Meij, Jan and de Jong, Ton},
  journal={Learning and Instruction},
  volume={16},
  number={3},
  pages={199--212},
  year={2006},
  publisher={Elsevier}
}

@phdthesis{fielding2000architectural,
  title={Architectural styles and the design of network-based software architectures},
  author={Fielding, Roy Thomas},
  year={2000},
  school={University of California}
}

@misc{rubyonrails.org,
author = {Heinemeier Hansson, David},
title = {www.rubyonrails.org},
year = {2013},
howpublished = "\url{http://www.rubyonrails.org}",
note = "[Online; accessed 4-November-2013]"
}


@article{kluge2010simulation,
  title={Simulation as science discovery: Ways of interactive meaning-making},
  author={Kluge, Anders and Bakken, Sven Magne},
  journal={Research and Practice in Technology Enhanced Learning},
  volume={5},
  number={03},
  pages={245--273},
  year={2010},
  publisher={World Scientific}
}

@misc{fielding1999hypertext,
  title={Hypertext transfer protocol--HTTP/1.1},
  author={Fielding, Roy and Gettys, Jim and Mogul, Jeffrey and Frystyk, Henrik and Masinter, Larry and Leach, Paul and Berners-Lee, Tim},
  year={1999},
  publisher={RFC 2616, June}
}